@misc{Awad,
  title = {GraphQL N+1 Problem},
  url = {https://www.youtube.com/watch?v=uCbFMZYQbxE},
  year = {2019},
  author = {Ben Awad}
}

@article{RPE_estimations,
  title={A comparison of subjective and objective measures of physical exertion},
  author={Monica Skatrud-Mickelson and Joan Benson and James C. Hannon and E. Wayne Askew},
  pages={1635-1644},
  year={2011},
  publisher={Taylor and Francis Online},
  doi ={https://www.tandfonline.com/doi/abs/10.1080/02640414.2011.609898},
  journal = {Journal of Sports Sciences}
}
@misc{rir,
    author = {Dr. Mike Israetel and Dr. James Hoffmann},
    title  = {Training Volume Landmarks For Muscle Growth},
    url    = {https://renaissanceperiodization.com/training-volume-landmarks-muscle-growth},
    year = {2017}
}

@misc{coc,
    title = {Clash of Clans: An Econ Teacherâ€™s Guide To Clan War League Theory},
    url   = {https://medium.com/mr-ways-guide-to-clash-of-clans/clash-of-clans-an-econ-teachers-guide-to-clan-war-league-theory-313f2ff70348},
    author = {Benjamin Way},
    year = {2020}
}

@misc{wow,
    title     = {How World of Warcraft saved my life \& made me become a designer},
    url       = {https://medium.com/desk-of-van-schneider/how-world-of-warcraft-saved-my-life-d9e60fddd0bf},
    author = {Tobias van Schneider},
    year = {2015}
}
@misc{leeroy_jenkins,
    title     = {Heroes (Darkest Dungeon)},
    url       = {https://darkestdungeon.gamepedia.com/Heroes_(Darkest_Dungeon)},
    author = {Jack Webb},
    year = {2015}
}

@misc{darkest_dungeon,
    title = {Getting Started in Darkest Dungeon (New Player Tips \& Tricks)},
    url = {https://screenrant.com/getting-started-darkest-dungeon-new-tips-tricks/},
    author = {Paige Mcmullen},
    year = {2020}
}
%https://dl.acm.org/doi/10.1145/3134717

@misc{expo,
    title     = {Common Dilemma of using expo vs Vanilla React Native being solved.},
    url       = {https://medium.com/@harisbaig100/common-dilemma-of-using-expo-vs-vanilla-react-native-being-solved-6d6d649d7ad1},
    author = {Muhammad Haris Baig},
    year = {2019}
}
@misc{app_size,
    title     = {Comparing APK sizes},
    url       = {https://medium.com/android-news/comparing-apk-sizes-a0eb37bb36f},
    author = {Dharmin Majmudar},
    year = {2018}

}
@misc{app_conversions,
    title     = {Shrinking APKs, growing installs},
    url       = {https://medium.com/googleplaydev/shrinking-apks-growing-installs-5d3fcba23ce2},
    author = {Dharmin Majmudar},
    year = {2017}

}

@article{User_expectations,
  title={A Tale of Two Perspectives: A Conceptual Framework of User Expectations and Experiences of Instructional Fitness Apps},
  author={Ahed Aladwan and Ryan M. Kelly and Steven Baker and Eduardo Velloso},
  year={2019},
  journal={Association for Computer Machinery},
  pages={1-15},
  doi={https://dl.acm.org/doi/10.1145/3290605.3300624}
}

@article{Behavior_change,
  title={Behavior Change Techniques in Top-Ranked Mobile Apps for Physical Activity},
  author={David E. Conroy and Chih-Hsiang Yang and Jaclyn P. Maher},
  year={2014},
  publisher={Elsevier},
  journal={American Journal of Preventative Medicine},
  doi={https://dl.acm.org/doi/10.1145/3290605.3300624}
}
@article{Pass_the_ball,
  title={Pass the Ball: Enforced Turn-Taking in Activity Tracking},
  author={John Rooksby and Mattias Rost and Alistair Morrison and Matthew Chalmers},
  year={2015},
  journal={Association for Computer Machinery},
  doi={https://dl.acm.org/doi/10.1145/2702123.2702577}
}

@article{SpyFeet,
  title={SpyFeet: An Exercise RPG},
  author={Aaron A Reed and Ben Samuel and Anne Sullivan and Ricky Grant},
  year={2011},
  journal={Association for Computer Machinery},
  doi={https://dl.acm.org/doi/10.1145/2159365.2159422},
  pages = {310-312}
}

@article{AppsOfSteel,
  title={Apps of Steel: Are Exercise Apps Providing Consumers With Realistic Expectations?: A Content Analysis of Exercise Apps for Presence of Behavior Change Theory},
  author={Logan T. Cowan and Sarah A. Van Wagenen and Brittany A. Brown},
  year={2012},
  journal={Sage Journals},
  doi={https://journals.sagepub.com/doi/10.1177/1090198112452126}
}

@article{Personalizing,
  title={Personalizing Mobile Fitness Apps using Reinforcement Learning},
  author={Mo Zhou and Yonatan Mintz and Yoshimi Fukuoka and Ken Goldberg and Elena Flowers and Philip Kaminsky and Alejandro Castillejo and Anil Aswani},
  year={2012},
  journal={US National Library of Medicine National Institutes of Health},
  doi={https://www.ncbi.nlm.nih.gov/pmc/articles/PMC7220419/}
}

@article{Integrated_Theory,
  title={Integrated Theory of Health Behavior Change: background and intervention development},
  author={Polly Ryan},
  year={2009},
  publisher={National Library of Medicine},
  journal = {Clinical Nurse Specialist},
  doi={https://journals.lww.com/cns-journal/Abstract/2009/05000/Integrated_Theory_of_Health_Behavior_Change_.11.aspx},
  pages = {161-170}
}

@article{HealthyTogether,
  title={HealthyTogether: exploring social incentives for mobile fitness applications},
  author={Yu Chen and Pearl Pu}, 
  year={2014},
  journal = {Association for Computer Machinery},
  doi={https://dl.acm.org/doi/10.1145/2592235.2592240},
  pages = {25-34}
}
@article{ChickClique,
  title={Chick clique: persuasive technology to motivate teenage girls to exercise},
  author={Tammy Toscos and Anne Faber and Shunying An and Mona Praful Gandhi},
  year={2014},
  journal = {Association for Computer Machinery},
  doi={https://dl.acm.org/doi/10.1145/1125451.1125805},
  pages = {1873-1878}
}

@article{Fish'n'Steps,
  title={Fish'n'Steps: encouraging physical activity with an interactive computer game},
  author={James J. Lin and Lena Mamykina and Silvia Lindtner and Gregory Delajoux and Henry B. Strub},
  year={2006},
  journal = {Association for Computer Machinery},
  doi={https://dl.acm.org/doi/10.1007/11853565_16},
  pages = {261-278}
}

@article{Shakra,
  title={Shakra: tracking and sharing daily activity levels with unaugmented mobile phones},
  author={Ian Anderson and Julie Maitland and Scott Sherwood and Louise Barkhuus and Matthew Chalmers and Malcolm Hall and Barry Brown and Henk Muller},
  year={2007},
  journal = {Association for Computer Machinery},
  doi={https://dl.acm.org/doi/10.1007/s11036-007-0011-7},
}

@article{Stickers,
  title={Stickers for Steps: A Study of an Activity Tracking System with Face-to-Face Social Engagement},
  author={Alistair Morrison and Viktor Bakayov},
  year={2017},
  journal = {Association for Computer Machinery},
  doi={https://dl.acm.org/doi/10.1145/3134716},
}

@article{,
  title={},
  author={Alistair Morrison and Viktor Bakayov},
  year={2017},
  journal = {Association for Computer Machinery},
  doi={https://dl.acm.org/doi/10.1145/3134716},
}



